<?xml version="1.0" encoding="UTF-8"?><collection xmlns="http://www.loc.gov/MARC21/slim"><record><leader>00554nam--2200181-i-4500</leader><controlfield tag="001">000037972</controlfield><controlfield tag="002">20161230</controlfield><controlfield tag="005">20161230201041</controlfield><controlfield tag="008">060222s1000------------r-----000-0-fre-d</controlfield><datafield ind1=" " ind2=" " tag="040"><subfield code="a">IFIN-HH</subfield></datafield><datafield ind1=" " ind2=" " tag="041"><subfield code="a">fre</subfield></datafield><datafield ind1=" " ind2=" " tag="080"><subfield code="a">537.312.62(043)</subfield></datafield><datafield ind1="1" ind2=" " tag="100"><subfield code="a">Raffy,Helene</subfield></datafield><datafield ind1="1" ind2="0" tag="245"><subfield code="a">Etude des courants critiques de supraconducteurs inhomogenes presentant une distributiion periodique de centres d`ancrage</subfield><subfield code="b">These</subfield><subfield code="c">Helene raffy</subfield></datafield><datafield ind1=" " ind2=" " tag="260"><subfield code="a">Orsay</subfield><subfield code="b">Universite Paris-sud</subfield><subfield code="c">1980</subfield></datafield><datafield ind1=" " ind2=" " tag="300"><subfield code="a">188 P</subfield></datafield><datafield ind1=" " ind2=" " tag="852"><subfield code="a">49768</subfield><subfield code="c">537:538</subfield></datafield><datafield ind1=" " ind2=" " tag="CAT"><subfield code="a">Sys</subfield><subfield code="c">20110624</subfield><subfield code="h">134300</subfield></datafield></record></collection>